@article{memoria,
    author  = "Nate-Gentile ",
    title   = "¿¿POR QUÉ TANTAS MEMORIAS??",
    year    = "2017",
    url     ="https://www.youtube.com/watch?v=IwUq0RiUank"
}
@Article{tipos,
  author =       "Curso-Tecnologia ",
  title =        "{"Tipos de Memorias en una Computadora"}",
  year =         "2020",
  url =          "https://www.youtube.com/watch?v=GaEP3IbEmkA"
  
} 
@online{RAM,
  author = "culturacion",
  title  = "Tipos de memoria RAM",
  year   = "2018",
  url    = "https://culturacion.com/tipos-de-memoria-ram/"
} 

@Online{memoria-computadora,
  author  = "Graciela Marker",
  title   = "La memoria de la computadora",
  year    = "2020",
  url     = "https://www.tecnologia-informatica.com/memoria-computadora/"
    
}

@onLine{tarjeta-grafica,
  author = "Juan Centeno",
  title  = "Tarjeta Gráfica: Tipos e Interfaces",
  year   = "2019",
  url    = "https://juancenteno.info/tarjeta-grafica-tipos-e-interfaces/"
}





